@inproceedings{courty:hal-01956306,
  TITLE = {{Learning Wasserstein Embeddings}},
  AUTHOR = {Courty, Nicolas and Flamary, R{\'e}mi and Ducoffe, M{\'e}lanie},
  URL = {https://hal.inria.fr/hal-01956306},
  BOOKTITLE = {{ICLR 2018 - 6th International Conference on Learning Representations}},
  ADDRESS = {Vancouver, Canada},
  PAGES = {1-13},
  YEAR = {2018},
  MONTH = Apr,
  PDF = {https://hal.inria.fr/hal-01956306/file/iclr2018_main.pdf},
  HAL_ID = {hal-01956306},
  HAL_VERSION = {v1},
}

@article{lecun-mnisthandwrittendigit-2010,
	added-at = {2010-06-28T21:16:30.000+0200},
	author = {LeCun, Yann and Cortes, Corinna},
	biburl = {https://www.bibsonomy.org/bibtex/2935bad99fa1f65e03c25b315aa3c1032/mhwombat},
	groups = {public},
	howpublished = {http://yann.lecun.com/exdb/mnist/},
	interhash = {21b9d0558bd66279df9452562df6e6f3},
	intrahash = {935bad99fa1f65e03c25b315aa3c1032},
	keywords = {MSc _checked character_recognition mnist network neural},
	lastchecked = {2016-01-14 14:24:11},
	timestamp = {2016-07-12T19:25:30.000+0200},
	title = {{MNIST} handwritten digit database},
	url = {http://yann.lecun.com/exdb/mnist/},
	username = {mhwombat},
	year = 2010
}

@book{villani2008optimal,
	title={Optimal transport: old and new},
	author={Villani, C{\'e}dric},
	volume={338},
	year={2008},
	publisher={Springer Science \& Business Media}
}

@inproceedings{cuturi2014fast,
	title={Fast computation of Wasserstein barycenters},
	author={Cuturi, Marco and Doucet, Arnaud},
	booktitle={International Conference on Machine Learning},
	pages={685--693},
	year={2014}
}

@inproceedings{bigot2017geodesic,
	title={Geodesic PCA in the Wasserstein space by convex PCA},
	author={Bigot, J{\'e}r{\'e}mie and Gouet, Ra{\'u}l and Klein, Thierry and L{\'o}pez, Alfredo and others},
	booktitle={Annales de l'Institut Henri Poincar{\'e}, Probabilit{\'e}s et Statistiques},
	volume={53},
	number={1},
	pages={1--26},
	year={2017},
	organization={Institut Henri Poincar{\'e}}
}

@misc{flamary2017pot,
	title={POT Python Optimal Transport library},
	author={Flamary, R{'e}mi and Courty, Nicolas},
	url={https://github.com/rflamary/POT},
	year={2017}
}

@article{kingma2014adam,
	title={Adam: A method for stochastic optimization},
	author={Kingma, Diederik P and Ba, Jimmy},
	journal={arXiv preprint arXiv:1412.6980},
	year={2014}
}

@article{agueh2011barycenters,
	title={Barycenters in the Wasserstein space},
	author={Agueh, Martial and Carlier, Guillaume},
	journal={SIAM Journal on Mathematical Analysis},
	volume={43},
	number={2},
	pages={904--924},
	year={2011},
	publisher={SIAM}
}

@article{fletcher2004principal,
	title={Principal geodesic analysis for the study of nonlinear statistics of shape},
	author={Fletcher, P Thomas and Lu, Conglin and Pizer, Stephen M and Joshi, Sarang},
	journal={IEEE transactions on medical imaging},
	volume={23},
	number={8},
	pages={995--1005},
	year={2004},
	publisher={IEEE}
}

@inproceedings{arthur2007k,
	title={k-means++: The advantages of careful seeding},
	author={Arthur, David and Vassilvitskii, Sergei},
	booktitle={Proceedings of the eighteenth annual ACM-SIAM symposium on Discrete algorithms},
	pages={1027--1035},
	year={2007},
	organization={Society for Industrial and Applied Mathematics}
}

@techreport{matouvsek2013lecture,
	title={Lecture notes on metric embeddings},
	author={Matou{\v{s}}ek, Jir{\i}},
	year={2013},
	institution={Technical report, ETH Z{\"u}rich}
}

@inproceedings{agarwal2014approximation,
	title={Approximation algorithms for bipartite matching with metric and geometric costs},
	author={Agarwal, Pankaj K and Sharathkumar, R},
	booktitle={Proceedings of the forty-sixth annual ACM symposium on Theory of computing},
	pages={555--564},
	year={2014},
	organization={ACM}
}

@article{altschuler2018approximating,
	title={Approximating the quadratic transportation metric in near-linear time},
	author={Altschuler, Jason and Bach, Francis and Rudi, Alessandro and Weed, Jonathan},
	journal={arXiv preprint arXiv:1810.10046},
	year={2018}
}

@inproceedings{zhu2018deep,
	title={Deep variational network embedding in wasserstein space},
	author={Zhu, Dingyuan and Cui, Peng and Wang, Daixin and Zhu, Wenwu},
	booktitle={Proceedings of the 24th ACM SIGKDD International Conference on Knowledge Discovery \& Data Mining},
	pages={2827--2836},
	year={2018},
	organization={ACM}
}

@inproceedings{andoni2016impossibility,
	title={Impossibility of sketching of the 3D transportation metric with quadratic cost},
	author={Andoni, Alexandr and Naor, Assaf and Neiman, Ofer},
	booktitle={43rd International Colloquium on Automata, Languages, and Programming (ICALP 2016)},
	year={2016},
	organization={Schloss Dagstuhl-Leibniz-Zentrum fuer Informatik}
}

@article{tolstikhin2017wasserstein,
	title={Wasserstein auto-encoders},
	author={Tolstikhin, Ilya and Bousquet, Olivier and Gelly, Sylvain and Schoelkopf, Bernhard},
	journal={arXiv preprint arXiv:1711.01558},
	year={2017}
}

@article{arjovsky2017wasserstein,
	title={Wasserstein gan},
	author={Arjovsky, Martin and Chintala, Soumith and Bottou, L{\'e}on},
	journal={arXiv preprint arXiv:1701.07875},
	year={2017}
}

@incollection{NIPS2017_7159,
	title = {Improved Training of Wasserstein GANs},
	author = {Gulrajani, Ishaan and Ahmed, Faruk and Arjovsky, Martin and Dumoulin, Vincent and Courville, Aaron C},
	booktitle = {Advances in Neural Information Processing Systems 30},
	editor = {I. Guyon and U. V. Luxburg and S. Bengio and H. Wallach and R. Fergus and S. Vishwanathan and R. Garnett},
	pages = {5767--5777},
	year = {2017},
	publisher = {Curran Associates, Inc.},
	url = {http://papers.nips.cc/paper/7159-improved-training-of-wasserstein-gans.pdf}
}

@article{de2012blue,
	title={Blue noise through optimal transport},
	author={De Goes, Fernando and Breeden, Katherine and Ostromoukhov, Victor and Desbrun, Mathieu},
	journal={ACM Transactions on Graphics (TOG)},
	volume={31},
	number={6},
	pages={171},
	year={2012},
	publisher={ACM}
}

@article{bonneel2015sliced,
	title={Sliced and radon wasserstein barycenters of measures},
	author={Bonneel, Nicolas and Rabin, Julien and Peyr{\'e}, Gabriel and Pfister, Hanspeter},
	journal={Journal of Mathematical Imaging and Vision},
	volume={51},
	number={1},
	pages={22--45},
	year={2015},
	publisher={Springer}
}

@inproceedings{bonneel2011displacement,
	title={Displacement interpolation using Lagrangian mass transport},
	author={Bonneel, Nicolas and Van De Panne, Michiel and Paris, Sylvain and Heidrich, Wolfgang},
	booktitle={ACM Transactions on Graphics (TOG)},
	volume={30},
	number={6},
	pages={158},
	year={2011},
	organization={ACM}
}

@article{bourgain1986metrical,
	title={The metrical interpretation of superreflexivity in Banach spaces},
	author={Bourgain, Jean},
	journal={Israel Journal of Mathematics},
	volume={56},
	number={2},
	pages={222--230},
	year={1986},
	publisher={Springer}
}

@article{peyre2019computational,
	title={Computational optimal transport},
	author={Peyr{\'e}, Gabriel and Cuturi, Marco and others},
	journal={Foundations and Trends{\textregistered} in Machine Learning},
	volume={11},
	number={5-6},
	pages={355--607},
	year={2019},
	publisher={Now Publishers, Inc.}
}

@article{merigot2019quantitative,
	title={Quantitative stability of optimal transport maps and linearization of the 2-Wasserstein space},
	author={M{\'e}rigot, Quentin and Delalande, Alex and Chazal, Fr{\'e}d{\'e}ric},
	journal={arXiv preprint arXiv:1910.05954},
	year={2019}
}